<record><leader>00000cas a2200000 a 4500</leader><controlfield tag="001">10090658</controlfield><controlfield tag="008">831103d18081825paudn ne      0    0eng c</controlfield><datafield ind1=" " ind2=" " tag="010"><subfield code="a">sn 83025945 </subfield></datafield><datafield ind1=" " ind2=" " tag="040"><subfield code="a">NPV</subfield><subfield code="b">eng</subfield><subfield code="c">NPV</subfield><subfield code="d">NPU</subfield><subfield code="d">NPH</subfield><subfield code="d">NPY</subfield><subfield code="d">NPH</subfield><subfield code="d">NPA</subfield><subfield code="d">YOX</subfield><subfield code="d">DLC</subfield><subfield code="d">NPH</subfield><subfield code="d">NPX</subfield><subfield code="d">NPH</subfield><subfield code="d">NPV</subfield><subfield code="d">NPH</subfield><subfield code="d">MFN</subfield><subfield code="d">CVF</subfield><subfield code="d">OCL</subfield><subfield code="d">KRTAS</subfield><subfield code="d">OCLCQ</subfield><subfield code="d">OCLCF</subfield><subfield code="d">OCLCO</subfield></datafield><datafield ind1="1" ind2=" " tag="029"><subfield code="a">AU@</subfield><subfield code="b">000025818042</subfield></datafield><datafield ind1=" " ind2=" " tag="042"><subfield code="a">pcc</subfield></datafield><datafield ind1=" " ind2=" " tag="043"><subfield code="a">n-us-pa</subfield></datafield><datafield ind1="0" ind2="0" tag="050"><subfield code="a">Newspaper 9511</subfield></datafield><datafield ind1=" " ind2=" " tag="052"><subfield code="a">3824</subfield><subfield code="b">P5</subfield></datafield><datafield ind1="0" ind2="4" tag="245"><subfield code="a">The Freemans journal and Philadelphia mercantile advertiser.</subfield></datafield><datafield ind1="1" ind2=" " tag="246"><subfield code="i">Published as:</subfield><subfield code="a">Freeman's journal &amp; Philadelphia mercantile advertiser</subfield><subfield code="f">&lt;Aug. 1, 1816-Nov. 22, 1824&gt;</subfield></datafield><datafield ind1="3" ind2="0" tag="246"><subfield code="a">Freeman's journal</subfield></datafield><datafield ind1="3" ind2="0" tag="246"><subfield code="a">Philadelphia mercantile advertiser</subfield></datafield><datafield ind1=" " ind2=" " tag="260"><subfield code="a">Philadelphia [Pa.] :</subfield><subfield code="b">William M'Corkle and James Elliot,</subfield><subfield code="c">1808-1825.</subfield></datafield><datafield ind1=" " ind2=" " tag="300"><subfield code="a">v.</subfield></datafield><datafield ind1=" " ind2=" " tag="310"><subfield code="a">Daily (except Sunday)</subfield></datafield><datafield ind1="0" ind2=" " tag="362"><subfield code="a">No. 1481 (Dec. 1, 1808)-no. 7415 (Apr. 18, 1825).</subfield></datafield><datafield ind1=" " ind2="0" tag="651"><subfield code="a">Philadelphia (Pa.)</subfield><subfield code="v">Newspapers.</subfield></datafield><datafield ind1=" " ind2="7" tag="655"><subfield code="a">Newspapers.</subfield><subfield code="2">fast</subfield><subfield code="0">(OCoLC)fst01423814</subfield></datafield><datafield ind1=" " ind2="7" tag="651"><subfield code="a">Pennsylvania</subfield><subfield code="z">Philadelphia.</subfield><subfield code="2">fast</subfield><subfield code="0">(OCoLC)fst01204170</subfield></datafield><datafield ind1=" " ind2=" " tag="752"><subfield code="a">United States</subfield><subfield code="b">Pennsylvania</subfield><subfield code="c">Philadelphia</subfield><subfield code="d">Philadelphia.</subfield></datafield><datafield ind1="0" ind2=" " tag="775"><subfield code="t">Freeman's journal and Columbian chronicle</subfield><subfield code="w">(DLC)sn 84026086</subfield></datafield><datafield ind1="0" ind2="0" tag="780"><subfield code="t">Freeman's journal and Philadelphia daily advertiser</subfield><subfield code="w">(DLC)sn 85055165</subfield></datafield><datafield ind1="0" ind2="5" tag="780"><subfield code="t">City register and daily advertiser (Philadelphia, Pa. : Daily)</subfield><subfield code="g">1824</subfield><subfield code="w">(DLC)sn 86072058</subfield></datafield><datafield ind1="0" ind2="0" tag="785"><subfield code="t">Freeman's journal, and Philadelphia daily mercantile advertiser</subfield><subfield code="w">(DLC)sn 87052063</subfield></datafield><datafield ind1=" " ind2=" " tag="938"><subfield code="a">Kirtas Technologies, Inc.</subfield><subfield code="b">KRTS</subfield><subfield code="n">737637</subfield></datafield></record>